\bibliographystyle{./IEEEtran}
\bibliography{./sources}

@electronic{byteman_doc,
  author        = "JBoss",
  title         = "{Byteman Programmer's Guide}",
  url           = "http://downloads.jboss.org/byteman/3.0.0/ProgrammersGuide.pdf",
  month         = may,
  year          = "2015"
}
@electronic{eca,
  author        = "J. J. Alferes and F. Banti and A. Brogi",
  title         = "{An Event-Condition-Action Logic Programming Language}",
  url           = "http://www.di.unipi.it/~brogi/papers/JELIA06.pdf",
  year          = "2015"
}
@electronic{instrumentation,
  author        = "Walter Binder and Jarle Hulaas and Philippe Moret",
  title         = "{Reengineering Standard Java Runtime Systems through Dynamic Bytecode Instrumentation}",
  url           = "http://ieeexplore.ieee.org/stamp/stamp.jsp?tp=&arnumber=4362901",
  year          = "2015"
}

@book{agent_def,
  author        = "Stuart J. Russell and Peter Norvig",
  title         = "Artificial Intelligence: A Modern Approach",
  publisher     = "Prentice-Hall, Inc",
  year          = "1995",
  note		= "{ISBN: 0-13-103805-2}"
}

@electronic{wildfly_doc,
  author        = "JBoss",
  title         = "{WildFly 8 Documentation}",
  url           = "https://docs.jboss.org/author/display/WFLY8/Documentation",
  month         = mar,
  year          = "2015"
}

@book{jboss_as_book,
  author        = "Francesco Marchioni",
  title         = "JBoss AS 7 Development: develop, deploy, and secure Java applications on the new release of this robust, open source application server.",
  publisher     = "Packt Publishing Ltd.",
  year          = "2013",
  note		= "{ISBN: 978-1-78216-134-9}"
}

@book{wildfly_book,
  author        = "Christopher Ritchie",
  title         = "WildFly Configuration, Deployment, and Administration Second Edition",
  publisher     = "Packt Publishing Ltd.",
  address       = "35 Livery Street, Birmingham B3 2PB, UK",
  year          = "2014",
  note		= "{ISBN: 978-1783286232}"
}

@electronic{jboss_modules_doc,
  author        = "JBoss",
  title         = "{JBoss Modules Documentation}",
  url           = "https://docs.jboss.org/author/display/MODULES/Home",
  month         = jul,
  year          = "2011"
}

@book{elasticsearch_defnitive_guide,
  author        = "Clinton Gormley and Zachary Tong",
  title         = "Elasticsearch: The Definitive Guide",
  publisher     = "Oâ€™Reilly Media, Inc",
  year          = "2015",
  note		= "{ISBN: 978-1-4493-5854-9}"
}

@electronic{rest,
  author        = "Roy T. Fielding and Richard N. Taylor",
  title         = "{Principled Design of the ModernWeb Architecture}",
  url           = "https://www.ics.uci.edu/~fielding/pubs/webarch_icse2000.pdf",
  year          = "2000"
}

@electronic{elasticsearch_doc,
  author        = "Elasticsearch",
  title         = "{Elasticsearch Reference 2.0}",
  url           = "https://www.elastic.co/guide/en/elasticsearch/reference/current/index.html",
  year          = "2015"
}

@electronic{elasticsearch_java_api_doc,
  author        = "Elasticsearch",
  title         = "{Java API 2.0}",
  url           = "https://www.elastic.co/guide/en/elasticsearch/client/java-api/2.0/index.html",
  year          = "2015"
}

@electronic{aspectj_doc,
  author        = "AspectJ",
  title         = "{The AspectJ Development Environment Guide}",
  url           = "https://eclipse.org/aspectj/doc/released/devguide/index.html",
  year          = "2015"
}

@electronic{maven_doc,
  author        = "{The Apache Software Foundation}",
  title         = "{Apache Maven}",
  url           = "https://maven.apache.org/what-is-maven.html",
  year          = "2015"
}

@electronic{kibana_doc,
  author        = "Elasticsearch",
  title         = "{Kibana}",
  url           = "https://www.elastic.co/guide/en/kibana/4.3/index.html",
  year          = "2015"
}

@electronic{jsr299,
  author        = "{Java Community Process}",
  title         = "{JSR 299: Contexts and Dependency Injection for the Java EE platform}",
  url           = "https://jcp.org/en/jsr/detail?id=299",
  year          = "2015"
}

@book{java_logging,
  author        = "Samudra Gupta",
  title         = "Logging in Java with the JDK 1.4 Logging API and Apache log4j",
  publisher     = "APress",
  year          = "2003",
  note		= "{ISBN: 978-1590590997}"
}

